<?xml version="1.0" encoding="UTF-8"?><collection xmlns="http://www.loc.gov/MARC21/slim"><record><leader>00594nam--2200181-u-4500</leader><controlfield tag="001">000050417</controlfield><controlfield tag="002">20161230</controlfield><controlfield tag="005">20161230201048</controlfield><controlfield tag="008">070314s1000------------r-----000-0-eng-d</controlfield><datafield ind1=" " ind2=" " tag="020"><subfield code="a">3540674284</subfield></datafield><datafield ind1=" " ind2=" " tag="040"><subfield code="a">IFIN-HH</subfield></datafield><datafield ind1="1" ind2=" " tag="100"><subfield code="a">Hohler, G</subfield></datafield><datafield ind1="1" ind2="0" tag="245"><subfield code="a">Springer tracts in modern physics</subfield><subfield code="b">Volume 166 probing the quantum vacuum perturbative effective action approach in quantum electrodynamics annd its applications</subfield><subfield code="c">G. hohler (ed.) w. dittrich, h. gies</subfield></datafield><datafield ind1=" " ind2=" " tag="260"><subfield code="a">Berlin</subfield><subfield code="b">Springer-verlag</subfield><subfield code="c">2000</subfield></datafield><datafield ind1=" " ind2=" " tag="300"><subfield code="a">235P</subfield></datafield><datafield ind1="1" ind2=" " tag="700"><subfield code="a">Gies, H</subfield></datafield><datafield ind1=" " ind2=" " tag="852"><subfield code="a">506</subfield><subfield code="c">53</subfield></datafield><datafield ind1=" " ind2=" " tag="CAT"><subfield code="a">Sys</subfield><subfield code="c">20141218</subfield><subfield code="h">140730</subfield></datafield></record></collection>